% This file was created with Citavi 6.2.0.12

@article{Laube.2007,
 author = {Laube, Patrick and Dennis, Todd and Forer, Pip and Walker, Mike},
 year = {2007},
 title = {{Movement Beyond the Snapshot – Dynamic Analysis of Geospatial Lifelines}},
 pages = {481--501},
 pagination = {page},
 volume = {31},
 number = {5},
 issn = {01989715},
 journal = {{Computers, Environment and Urban Systems}},
 doi = {10.1016/j.compenvurbsys.2007.08.002},
 file = {LaubeP_2007_Movement beyond the snapshot:G\:\\sciebo\\herders\\literature\\movementpatterns\\Citavi Attachments\\LaubeP_2007_Movement beyond the snapshot.pdf:pdf}
}


@misc{Marwick.2019,
 author = {Marwick, Ben},
 year = {2019},
 title = {{rrtools: Creates a Reproducible Research Compendium}},
 url = {https://github.com/benmarwick/rrtools},
 urldate = {2019-05-03}
}


